<?xml version="1.0" encoding="UTF-8"?><collection xmlns="http://www.loc.gov/MARC21/slim"><record><leader>00563nam--2200181-u-4500</leader><controlfield tag="001">000054488</controlfield><controlfield tag="002">20161230</controlfield><controlfield tag="005">20170118000428</controlfield><controlfield tag="008">120110s1000------------r-----000-0-eng-d</controlfield><datafield ind1=" " ind2=" " tag="040"><subfield code="a">IFIN-HH</subfield></datafield><datafield ind1=" " ind2=" " tag="080"><subfield code="a">539.12.162.8(061.3)</subfield></datafield><datafield ind1="1" ind2=" " tag="100"><subfield code="a">Jacob, Maurice</subfield></datafield><datafield ind1="1" ind2="0" tag="245"><subfield code="a">Large hadron collider in the lep tunnel</subfield><subfield code="b">Proceedings of the ecfa-cern workshop held at Lausanne and Geneva 21-27 March 1984</subfield><subfield code="c">M. Jacob (ed.)</subfield></datafield><datafield ind1=" " ind2=" " tag="260"><subfield code="a">Geneva</subfield><subfield code="b">Cern</subfield><subfield code="c">1984</subfield></datafield><datafield ind1=" " ind2=" " tag="300"><subfield code="a">2 volume</subfield></datafield><datafield ind1="1" ind2=" " tag="787"><subfield code="a">Vol. II</subfield><subfield code="h">/361 p./603 p</subfield></datafield><datafield ind1=" " ind2=" " tag="852"><subfield code="a">72229</subfield><subfield code="c">539.12</subfield></datafield><datafield ind1=" " ind2=" " tag="CAT"><subfield code="a">SYS</subfield><subfield code="c">20170118</subfield><subfield code="h">000428</subfield></datafield></record></collection>